<record xmlns='http://www.loc.gov/MARC21/slim'><leader>01227cim a22002892u 4500</leader><controlfield tag='001'>3605219</controlfield><controlfield tag='005'>20151214183517.0</controlfield><controlfield tag='007'>ss|lmnjluz|nuu</controlfield><controlfield tag='008'>991101s1993    nyunnn         l    eng d</controlfield><datafield ind1=' ' ind2=' ' tag='035'><subfield code='a'>(NIC)notisASG2284</subfield></datafield><datafield ind1=' ' ind2=' ' tag='035'><subfield code='a'>3605219</subfield></datafield><datafield ind1=' ' ind2=' ' tag='035'><subfield code='a'>(OCoLC)63904248</subfield></datafield><datafield ind1=' ' ind2=' ' tag='040'><subfield code='a'>NIC</subfield><subfield code='c'>NIC</subfield><subfield code='d'>NIC</subfield></datafield><datafield ind1='1' ind2=' ' tag='100'><subfield code='a'>Colomina, Beatriz.</subfield></datafield><datafield ind1='1' ind2='0' tag='245'><subfield code='a'>Modern architecture and the mass media</subfield><subfield code='h'>[sound recording]</subfield></datafield><datafield ind1=' ' ind2=' ' tag='260'><subfield code='c'>1993.</subfield></datafield><datafield ind1=' ' ind2=' ' tag='300'><subfield code='a'>1 sound cassette (73 min.) :</subfield><subfield code='b'>analog, mono.</subfield></datafield><datafield ind1=' ' ind2=' ' tag='500'><subfield code='a'>Recorded in Ithaca, NY by Cornell University.</subfield></datafield><datafield ind1=' ' ind2=' ' tag='500'><subfield code='a'>Sponsored by: Architecture, Art and Planning, College of,Architecture Department.</subfield></datafield><datafield ind1=' ' ind2=' ' tag='500'><subfield code='a'>Speaker(s): Professor of architecture, Princeton University.</subfield></datafield><datafield ind1='4' ind2=' ' tag='510'><subfield code='a'>Cornell Chronicle</subfield><subfield code='b'>10/21/93</subfield><subfield code='c'>p.9.</subfield></datafield><datafield ind1=' ' ind2=' ' tag='518'><subfield code='a'>Lecture, October 26, 1993, 5:30 pm, 200 Baker Laboratory.</subfield></datafield><datafield ind1=' ' ind2=' ' tag='520'><subfield code='a'>Colomina examines the interplay between high and mass culture, and the influence of that interaction, along with the advertising techniques of the technological revolution, on modern architecture.</subfield></datafield><datafield ind1=' ' ind2='0' tag='830'><subfield code='a'>Publicity and privacy: modern architecture as mass media.</subfield></datafield><datafield ind1=' ' ind2='0' tag='830'><subfield code='a'>Preston H. Thomas memorial lectures.</subfield></datafield><datafield ind1='1' ind2=' ' tag='899'><subfield code='a'>CULectures</subfield></datafield><datafield ind1=' ' ind2=' ' tag='905'><subfield code='a'>19991201120000.0</subfield></datafield></record>